@article{frank1979,
  title={On the simultaneous associativity ofF (x, y) andx+y- F (x, y)},
  author={Frank, Maurice J},
  journal={Aequationes mathematicae},
  volume={19},
  number={1},
  pages={194--226},
  year={1979},
  publisher={Springer}
}

@article{clayton1978,
  title={A model for association in bivariate life tables and its application in epidemiological studies of familial tendency in chronic disease incidence},
  author={Clayton, David G},
  journal={Biometrika},
  volume={65},
  number={1},
  pages={141--151},
  year={1978},
  publisher={Oxford University Press}
}

@article{lopes18,
  title={An{\'a}lise de depend{\^e}ncia entre mercados financeiros: uma abordagem do modelo C{\'o}pula-GARCH},
  author={Lopes, Lucas Pereira and Pessanha, Gabriel Rodrigo Gomes},
  journal={Revista de Finan{\c{c}}as e Contabilidade da Unimep},
  volume={5},
  number={1},
  pages={18--38},
  year={2017}
}

@article{sklar1959,
  title={Fonctions de repartition an dimensions et leurs marges},
  author={Sklar, M},
  journal={Publ. inst. statist. univ. Paris},
  volume={8},
  pages={229--231},
  year={1959}
}

@book{nelsen2007,
  title={An introduction to copulas},
  author={Nelsen, Roger B},
  year={2006},
  publisher={Springer Science \& Business Media}
}

@article{mikosch2006copulas,
  title={Copulas: Tales and facts},
  author={Mikosch, Thomas},
  journal={Extremes},
  volume={9},
  number={1},
  pages={3--20},
  year={2006},
  publisher={Springer}
}

@article{emura2017,
  title={A copula-based inference to piecewise exponential models under dependent censoring, with application to time to metamorphosis of salamander larvae},
  author={Emura, Takeshi and Michimae, Hirofumi},
  journal={Environmental and ecological statistics},
  volume={24},
  number={1},
  pages={151--173},
  year={2017},
  publisher={Springer}
}

@article{czado2021dependent,
  title={Dependent censoring based on copulas},
  author={Czado, Claudia and Van Keilegom, Ingrid},
  journal={arXiv preprint arXiv:2104.06872},
  year={2021}
}